% This file was created with Citavi 6.4.0.35

@booklet{Brehm.2004,
	author = {Brehm, Ingrid},
	year = {2004},
	title = {Polarographie},
	url = {https://roempp.thieme.de/lexicon/RD-16-02953},
	lastchecked = {28.05.2020},
	publisher = {{Thieme Gruppe}}
}


@booklet{redoxreaktion,
	author = {Helmenstine, {Anne Marie}},
	year = {Feb. 11, 2020},
	title = {Redox Titration Definition (Chemistry)},
	url = {https://www.thoughtco.com/definition-of-redox-titration-604635},
	lastchecked = {05.06.2020},
	publisher = {{ThoughtCo}}
}

@booklet{biamperometrie,
	author = {B. Dickenhorst},
	year = {},
	title = {Biamperometrie},
	url = {http://www.bdsoft.de/demo/index.htm?/demo/chemie/analytik/elektrochemisch/biamperometrie.htm},
	lastchecked = {05.06.2020},
	publisher = {{}}
}

@booklet{bivoltametrie,
	author = {B. Dickenhorst},
	year = {},
	title = {Bivoltametrie},
	url = {http://www.bdsoft.de/demo/index.htm?/demo/chemie/analytik/elektrochemisch/bivoltametrie.htm},
	lastchecked = {05.06.2020},
	publisher = {{}}
}

@booklet{titration,
	author = {{Fa.Mettler-Toledo}},
	year = {},
	title = {Titration},
	url = {https://www.mt.com/de/de/home/library/FAQ/lab-analytical-instruments/titration.html},
	lastchecked = {05.06.2020},
	publisher = {{}}
}

@booklet{isopropanol,
	author = {},
	year = {},
	title = {2-Propanol},
	url = {https://www.chemie.de/lexikon/2-Propanol.html},
	lastchecked = {09.06.2020},
	publisher = {{LUMITOS AG}}
}

@booklet{TWV,
	author = {},
	year = {},
	title = {},
	url = {},
	lastchecked = {05.06.2020},
	publisher = {{}}
}

@booklet{TWV,
	author = {},
	year = {},
	title = {},
	url = {},
	lastchecked = {05.06.2020},
	publisher = {{}}
}


% This file was created with Citavi 6.4.0.35

@booklet{isoprop,
	abstract = {Chemikalien von Sigma-Aldrich bei Ihrem Laborfachh{\"a}ndler {\frqq} Kompetente Beratung ✓ Schnelle Lieferung ✓ 2{\%} Online-Rabatt ✓ ISO 9001:2015 T{\"U}V S{\"u}d ✓},
	author = {Sigma-Aldrich},
	year = {11.06.2020},
	title = {Isopropanol, wasserfrei, 99.5{\%}, 2l | analytics-shop.com},
	url = {https://www.analytics-shop.com/de/sa278475-2l-de.html},
	lastchecked = {2020-06-11}
}


@booklet{polymermerse,
	author = {{Polymer Service GmbH Merseburg}},
	year = {14.04.2020},
	title = {Wasseraufnahme -- Lexikon der Kunststoffpr{\"u}fung},
	url = {https://wiki.polymerservice-merseburg.de/index.php/Wasseraufnahme},
	lastchecked = {2020-06-11}
}


@book{Kaiser.2006,
	author = {Kaiser, Wolfgang},
	year = {2006},
	title = {Kunststoffchemie f{\"u}r Ingenieure},
	price = {ca. EUR 39.90, ca. EUR AT 41.10, ca. CHF 69.00},
	address = {M{\"u}nchen},
	publisher = {Hanser},
	isbn = {3446220690},
	file = {http://d-nb.info/97096174X/04}
}


@booklet{Wikipedia.2020,
	abstract = {Polyamide (Kurzzeichen PA) sind lineare Polymere mit sich regelm{\"a}{\ss}ig wiederholenden Amidbindungen entlang der Hauptkette. Die Amidgruppe kann als Kondensationsprodukt einer Carbons{\"a}ure und eines Amins aufgefasst werden. Die dabei entstehende Bindung ist eine Amidbindung, die hydrolytisch wieder spaltbar ist.
	
	Polyamide werden wegen ihrer hervorragenden Festigkeit und Z{\"a}higkeit oft als Konstruktionswerkstoffe verwendet. Gute chemische Best{\"a}ndigkeit besteht gegen{\"u}ber organischen L{\"o}sungsmitteln, doch k{\"o}nnen sie leicht von S{\"a}uren und oxidierenden Chemikalien angegriffen werden.
	
	Die Bezeichnung Polyamide wird {\"u}blicherweise als Bezeichnung f{\"u}r synthetische, technisch verwendbare thermoplastische Kunststoffe verwendet und grenzt diese Stoffklasse damit von den chemisch verwandten Proteinen ab. Fast alle bedeutsamen Polyamide leiten sich von prim{\"a}ren Aminen ab, denn die sich wiederholende Einheit besteht aus der funktionellen Gruppe --CO--NH--. Daneben existieren auch Polyamide von sekund{\"a}ren Aminen (--CO--NR--, R = organischer Rest). Als Monomere f{\"u}r die Polyamide werden besonders Aminocarbons{\"a}uren, Lactame und/oder Diamine und Dicarbons{\"a}uren verwendet.},
	editor = {Wikipedia},
	year = {2020},
	title = {Polyamide},
	url = {https://de.wikipedia.org/w/index.php?title=Polyamide&oldid=199920392},
	lastchecked = {2020-06-11},
	file = {b3167caa-7d04-4afb-898a-900d1f99af4e:C\:\\Users\\User\\AppData\\Local\\Swiss Academic Software\\Citavi 6\\ProjectCache\\upgkvjhnp2kd3cghlbtzguemo0q812eqac33jd1qbrkf8t8\\Citavi Attachments\\b3167caa-7d04-4afb-898a-900d1f99af4e.pdf:pdf}
}


